<?xml version="1.0" encoding="UTF-8"?><collection xmlns="http://www.loc.gov/MARC21/slim"><record><leader>00579nam--2200181-i-4500</leader><controlfield tag="001">000027639</controlfield><controlfield tag="002">20161230</controlfield><controlfield tag="005">20161230201036</controlfield><controlfield tag="008">060222s1000------------r-----000-0-eng-d</controlfield><datafield ind1=" " ind2=" " tag="040"><subfield code="a">IFIN-HH</subfield></datafield><datafield ind1=" " ind2=" " tag="080"><subfield code="a">537.6(061.3)</subfield></datafield><datafield ind1="1" ind2=" " tag="110"><subfield code="a">The Institute Of Physics And The Physical Society</subfield></datafield><datafield ind1="1" ind2="0" tag="245"><subfield code="a">High magnetic fields and their applications nottingham 1969</subfield><subfield code="b">Conference booklet</subfield></datafield><datafield ind1=" " ind2=" " tag="260"><subfield code="a">London</subfield><subfield code="b">The Institute Of Physics And Physical Society</subfield><subfield code="c">1969</subfield></datafield><datafield ind1=" " ind2=" " tag="300"><subfield code="a">168P</subfield></datafield><datafield ind1=" " ind2=" " tag="490"><subfield code="a">Institute And Society Conference</subfield></datafield><datafield ind1=" " ind2=" " tag="852"><subfield code="a">33232</subfield><subfield code="c">537:538</subfield></datafield><datafield ind1=" " ind2=" " tag="CAT"><subfield code="a">Sys</subfield><subfield code="c">20110616</subfield><subfield code="h">131246</subfield></datafield></record></collection>